<?xml version="1.0" encoding="UTF-8"?><collection xmlns="http://www.loc.gov/MARC21/slim"><record><leader>00472nam--2200145-i-4500</leader><controlfield tag="001">000014369</controlfield><controlfield tag="002">20161230</controlfield><controlfield tag="005">20161230201030</controlfield><controlfield tag="008">060222s1000------------r-----000-0-eng-d</controlfield><datafield ind1=" " ind2=" " tag="080"><subfield code="a">517.538.5</subfield></datafield><datafield ind1=" " ind2=" " tag="100"><subfield code="a">Baker, George A. And Graves-morris, Peter</subfield></datafield><datafield ind1=" " ind2=" " tag="245"><subfield code="a">Pade approximants part ii: extensions and applications</subfield></datafield><datafield ind1=" " ind2=" " tag="260"><subfield code="a">London, Addison-westley Publishing Company, 1981, Xviii + 215 P</subfield></datafield><datafield ind1=" " ind2=" " tag="490"><subfield code="a">Encyclopedia Of Mathematics And Its Applicatio Ns</subfield></datafield><datafield ind1=" " ind2=" " tag="852"><subfield code="a">49468</subfield></datafield></record></collection>